@Article{Vardomatskaya-optimization_with_graphs,
	author       = {Е.Ю. Вардомацкая and В.Л. Шарстнев and Я.А. Алексеева},
	journaltitle = {Вестник Витебского государственного технологического университета},
	title        = {ОПТИМИЗАЦИЯ МАРШРУТА С ИСПОЛЬЗОВАНИЕМ ТЕОРИИ ГРАФОВВ ПАКЕТАХ ПРИКЛАДНЫХ ПРОГРАММ},
	language     = {russian},
	url          = {https://cyberleninka.ru/article/n/optimizatsiya-marshruta-s-ispolzovaniem-teorii-grafov-v-paketah-prikladnyh-programm.pdf},
	urldate      = {2024-06-16},
	abstract     = {В статье приведен анализ методов решения задачи о кратчайшем пути с использованием теории графов в пакетах прикладных программ. Для возможности применения системы компьютерной алгебры данная проблема была представлена в виде математической модели на графе. Подробно рассмотрены несколько вариантов решения искомой задачи с помощью СКА Maple. Так, решение данной задачи реализовано методом Дейкстры, методом имитации отжига и методом муравьиного алгоритма. СКА Mathematica также обладает расширенной поддержкой графов, необходимой для решения задачи о кратчайшем пути.

			В современных условиях развития рыночных отношений всё более актуальным становится всестороннее обеспечение конкурентоспособности как экономики Республики Беларусь в целом, так и её отдельных отраслей. В частности, легкой промышленности - одного из важнейших секторов экономики, который производит большое количество товаров народного потребления. В последние годы в сфере товарного обращения ряда стран произошли существенные преобразования. В хозяйственной практике стали использоваться новые методы и технологии доставки товаров, базирующиеся на концепции логистики. Важную роль в создании объективных возможностей для развития логистики сыграл технический прогресс в средствах связи и информатики. Он позволил на более высоком уровне проводить отслеживание всех основных и вспомогательных процессов товародвижения.},
	file         = {:Вардомацкая-оптимизация_с_графами - ОПТИМИЗАЦИЯ МАРШРУТА С ИСПОЛЬЗОВАНИЕМ ТЕОРИИ ГРАФОВВ ПАКЕТАХ ПРИКЛАДНЫХ ПРОГРАММ.pdf:PDF},
	keywords     = {математика, графы},
}

@Article{Sokolov-graph_in_logistic,
	author       = {Л. А. Соколов and Г. Б. Удальев and Д. Д. Ходьков},
	journaltitle = {Белорусский государственный университет информатики и радиоэлектроники},
	title        = {ПРИМЕНЕНИЕ МЕТОДОВ ТЕОРИИ ГРАФОВ В ЛОГИСТИКЕ},
	editor       = {Севернёв Александр Михайлович},
	language     = {russian},
	url          = {https://libeldoc.bsuir.by/bitstream/123456789/46105/1/Sokolov.pdf},
	urldate      = {2024-06-16},
	file         = {:Соколов-графы_в_логистике - ПРИМЕНЕНИЕ МЕТОДОВ ТЕОРИИ ГРАФОВ В ЛОГИСТИКЕ.pdf:PDF},
}

@Article{Брюске1998-графыАлгоритмов,
	author       = {Брюске, Яков Эрнестович and Брюске, Д. Я.},
	date         = {1998},
	journaltitle = {Вестник Российских университетов. Математика},
	title        = {Графы алгоритмов. I. структура и функции},
	language     = {russian},
	number       = {2},
	url          = {https://cyberleninka.ru/article/n/grafy-algoritmov-i-struktura-i-funktsii.pdf},
	urldate      = {2024-06-16},
	file         = {:Брюске1998-графыАлгоритмов - Графы Алгоритмов. I. Структура И Функции.pdf:PDF},
}

@SoftwareModule{ПроектGNU1993-ncurses,
  author       = {{Проект GNU}},
  subtitle     = {ncurses},
  url          = {https://invisible-island.net/ncurses/},
  year         = {1993},
  organization = {Проект GNU},
  version      = {6.5},
  license      = {MIT},
  media        = {eresource},
  repository   = {https://invisible-mirror.net/archives/ncurses/},
}

@SoftwareModule{Kitware2000-cmake,
  author     = {Kitware and Александр Нойндорф and Кен Мартин and Андрей Седильник and Уильям Хоффман and Бред Кинг},
  url        = {https://cmake.org/},
  year       = {2000},
  date       = {2000},
  urldate    = {2024-06-16},
  version    = {3.29.4},
  license    = {BSD},
  media      = {eresource},
  repository = {https://gitlab.kitware.com/cmake/cmake},
  title      = {cmake},
}

@Book{ЖанЛуи1991,
  author       = {Жан-Луи Лорьер},
  date         = {1991},
  title        = {Системы искусственного интеллекта},
  editor       = {Вадим Львович Стефанюк},
  isbn         = {503001408x},
  language     = {russian},
  location     = {Москва},
  origlanguage = {french},
  pages        = {238--244},
  pagetotal    = {569},
  publisher    = {Мир},
  translator   = {Вадим Львович Стефанюк},
}

@Book{Рассел2006,
  author       = {Стюарт Рассел and Питер Норвиг},
  date         = {2006},
  title        = {Искусственный интеллект: современный подход},
  edition      = {2},
  editor       = {А. В. Слепцов},
  isbn         = {5-8459-0887-6 (в пер.)},
  language     = {russian},
  location     = {Москва},
  origlanguage = {english},
  pages        = {157--162},
  pagetotal    = {1407},
  publisher    = {ИД Вильямс},
  translator   = {А. В. Слепцов},
  abstract     = {В книге представлены современные достижения и идеи, сформулированные в исследованиях, проводившихся в течение последних пятидесяти лет, а также собраны на протяжении двух тысячелетий в областях знаний, ставших стимулом к развитию искусственного интеллекта},
}

@Online{Wikipedia:A-star,
  author   = {Wikipedia},
  title    = {A*},
  url      = {https://ru.wikipedia.org/wiki/A*},
  language = {russian},
  urldate  = {2024-08-24},
  media    = {eresource},
}

@Book{Ахо2001,
  author    = {Альфред В. Ахо},
  date      = {2001},
  title     = {Структуры данных и алгоритмы},
  isbn      = {9785845901224},
  language  = {rusiian},
  location  = {Москва},
  pagetotal = {391},
  publisher = {Вильямс},
}

@Book{Sedgewick2011,
  author    = {Robert Sedgewick and Kevin Wayne},
  date      = {2011},
  title     = {Priority Queues // Algorithms},
  edition   = {4},
  isbn      = {978-0-13-276257-1},
  pages     = {992},
  publisher = {Addison-Wesley Professional},
}

@Book{Кормен2005,
  author       = {Томас Кормен and Чарльз Эрик Лейзерсон and Рональд Рин Ривест and Клиффорд Штайн},
  date         = {2005},
  title        = {Глава 6. Пирамидальная сортировка // Алгоритмы: построение и анализ = Introduction to Algorithms},
  edition      = {2},
  editor       = {И. В. Красикова},
  isbn         = {5-8459-0857-4},
  language     = {russian},
  location     = {Москва},
  origlanguage = {english},
  pages        = {178-193},
  pagetotal    = {1290},
  publisher    = {Вильямс},
  translator   = {И. В. Красикова and Н. А. Ореховой and В. Н. Романова},
}

@SoftwareModule{LLVMFoundation2024,
  author       = {{LLVM Foundation}},
  url          = {https://llvm.org/},
  year         = {2024},
  date         = {2024},
  organization = {LLVM Foundation},
  urldate      = {2024-09-02},
  version      = {18.1.8},
  license      = {APACHE-2.0},
  media        = {eresource},
  repository   = {https://github.com/llvm},
  title        = {The LLVM Compiler Infrastructure},
}

@SoftwareModule{Долстра2003,
  author     = {Элко Долстра},
  subtitle   = {nix},
  url        = {https://nixos.org/nix},
  year       = {2003},
  date       = {2024},
  urldate    = {2024-09-03},
  version    = {2.18.5},
  license    = {LGPL},
  media      = {eresource},
  repository = {https://github.com/NixOS/nix},
}

@Online{NVIDIACorporation2020,
  author   = {{NVIDIA Corporation}},
  date     = {2020-09-18},
  title    = {Understanding the Visualization of Overhead and Latency in NVIDIA Nsight Systems},
  url      = {https://developer.nvidia.com/blog/understanding-the-visualization-of-overhead-and-latency-in-nsight-systems/},
  language = {english},
  urldate  = {2024-09-11},
  media    = {eresource},
}

@Comment{jabref-meta: databaseType:biblatex;}
